3256 5344
691 561 926 666 [27]

292 766 450 849 arduum,
467 761 588 834 medici
605 777 717 834 autem
742 763 848 856 quam
864 762 1013 834 maxime
1031 759 1167 838 intelest
1182 750 1273 838 erro·

291 907 328 952 re
346 861 434 951 enim
452 880 506 950 hic
523 877 672 964 admiff0,
701 883 861 960 morbum
884 881 971 952 inter
993 881 1273 956 inflammationes

291 996 480 1083 referendo,
493 995 667 1068 infeliciter
685 997 855 1090 perierunt
874 998 1039 1068 nonnulli.
1081 1000 1273 1070 Barbaden·

291 1113 378 1184 fibus
396 1113 593 1207 quibusdam
611 1114 765 1194 colonias,
776 1131 900 1186 ceteras
927 1113 1143 1202 adeuntibus,
1168 1133 1201 1185 et
1217 1085 1278 1186 ill·l

170 1298 176 1311 ,
289 1231 344 1302 hic
362 1232 450 1302 malo
467 1231 641 1326 correptis,
658 1257 752 1304 error
769 1231 958 1328 hujusmodi
976 1225 1131 1304 funestus
1149 1233 1259 1304 evasrt.

335 1467 471 1536 Fennrs
489 1465 707 1561 paroxysmus
724 1466 899 1564 regularis,
925 1465 1036 1536 morbi
1067 1489 1181 1538 comes
1196 1463 1270 1538 fere

288 1580 443 1666 affiduus,
460 1581 635 1676 diagnosur
647 1581 720 1652 satis
732 1581 891 1652 idoneam
902 1582 1099 1676 neutiquam
1112 1584 1241 1675 praebet
1258 1607 1271 1668 ι

247 1737 248 1746 1
286 1693 435 1790 partibus
460 1695 551 1769 enim
579 1698 665 1767 adeo
692 1696 846 1768 vitalibus
872 1699 993 1768 morbo
1011 1696 1161 1784 tentatis,
1177 1698 1271 1792 signa

285 1811 379 1884 solita
403 1834 523 1906 parum
539 1811 705 1909 regularia
726 1811 788 1882 effe
806 1813 1036 1895 consuescunt,
1054 1829 1088 1883 et
1117 1811 1269 1884 similitu·

285 1927 365 1998 dine
375 1928 532 1997 accedere
548 1928 590 1997 ad
608 1951 659 2012 ea,
676 1952 753 2020 quae
766 1926 924 1998 affeclum
940 1927 1040 1998 illum
1058 1927 1159 2001 totius
1173 1925 1270 2022 syste-

286 2042 396 2128 matis,
413 2039 587 2128 denotant,
605 2041 663 2136 qui
679 2040 780 2118 febris
797 2042 1053 2138 symptomatica
1069 2041 1173 2114 audit.

333 2278 371 2348 St
390 2277 432 2347 ad
449 2276 522 2347 haec
540 2301 617 2370 quae
633 2275 830 2369 lequuntur,
843 2275 994 2346 animum
1014 2273 1193 2371 diligenter
1210 2277 1268 2350 ad-

285 2391 457 2478 vertimus,
474 2394 613 2462 morbus
631 2393 672 2462 ab
690 2390 760 2462 aliis
781 2389 911 2462 facilius
930 2389 1161 2486 distinguetur.

331 2625 370 2696 St
388 2625 509 2697 morbo
526 2622 715 2719 glandulari
741 2619 823 2693 olim
841 2621 926 2694 affici
953 2571 1160 2694 consueverit
1177 2647 1267 2721 aeger

280 2740 415 2830 medico
431 2738 537 2837 sagaci
555 2764 606 2810 res
624 2738 698 2810 haec
717 2737 797 2832 ipsa,
815 2763 857 2810 ne
884 2737 966 2832 quid
989 2755 1102 2834 ageret
1118 2738 1267 2828 incautE,

282 2856 355 2926 satis
373 2872 607 2948 praemoneret.
659 2856 736 2945 Jam
754 2855 966 2925 observatum
994 2852 1266 2942 fuit,.m0rbum,

282 2971 372 3061 prius
390 2969 552 3062 occupata
581 2969 693 3062 aliqud
711 2985 805 3062 parte
822 2969 977 3056 externi,
993 2986 1075 3041 tunc
1092 2969 1263 3062 saepiffime

281 3084 427 3152 internas
443 3082 577 3166 adoriri.
631 3084 666 3152 Si
683 3083 775 3175 prius
793 3083 924 3178 sanguis
941 3081 1117 3154 infeliciter
1134 3084 1265 3156 detrac-

280 3217 347 3286 tus,
377 3199 481 3294 quam
518 3198 667 3268 medicus
685 3197 852 3269 arceffitus
869 3197 983 3284 fuerit,
1009 3199 1051 3272 ad
1068 3198 1267 3297 dignoscem

257 3307 364 3395 *dum
393 3299 553 3384 morbum
581 3313 629 3382 illi
650 3312 777 3384 auxilio
807 3312 881 3399 erit,
907 3313 1039 3408 languis
1056 3313 1160 3402 enim,
1177 3314 1264 3387 vend

281 3457 455 3524 perperam
485 3429 584 3516 sedbel,
610 3431 792 3526 coagulum
820 3430 931 3500 minus
961 3427 1106 3500 firmum
1124 3431 1262 3519 habere,

282 3547 416 3634 dicitur,
433 3547 531 3620 facile
548 3546 777 3641 disrumpitur,
795 3572 900 3640 eaque
924 3546 1060 3634 indicia,
1078 3573 1154 3642 quae
1173 3573 1264 3619 mor-

279 3667 340 3736 bos
358 3665 400 3736 ad
420 3665 633 3759 putredinem
650 3681 827 3760 vergentes
844 3663 1040 3762 insigniunt,
1058 3663 1212 3734 ostendit.

297 3955 301 3960 .
328 3899 385 3966 ΑΒ
404 3911 539 3968 artuum
555 3896 763 3972 inferiorum,
779 3894 946 3998 analarci,
967 3894 1085 3968 hernia
1102 3895 1263 3968 humora-

278 4009 314 4098 li,
333 4009 512 4104 ceterisque
529 4013 654 4084 morbis
680 4012 856 4100 localibus,
881 4011 1003 4110 quibus
1030 4035 1110 4084 cum
1135 4013 1258 4093 morbo
