3256 5344
803 683 993 778 [20]

345 955 349 974 1
405 891 501 968 parte
516 879 585 948 srne
602 830 707 950 dubio
724 881 865 951 morbus
881 877 1052 976 faepiffime
1075 877 1337 973 deprehenditur
1354 905 1393 958 ea

405 993 606 1088 plerumque
623 995 782 1066 comitata
798 996 885 1066 sunt.
1219 1011 1220 1018 ’

454 1222 677 1294 Cunennum
697 1221 718 1292 a
735 1225 859 1294 morbo
876 1223 968 1294 haud
984 1222 1139 1294 immune
1156 1221 1232 1310 effe,
1257 1248 1297 1294 ac
1313 1219 1392 1297 inde

401 1336 547 1430 produci
564 1353 711 1408 mortem
729 1316 940 1432 repentinam
956 1339 1062 1434 vulgo
1080 1337 1279 1410 affirmatur.
1330 1342 1392 1423 An

403 1451 478 1522 haec
496 1476 548 1523 res
566 1477 719 1546 unquam
736 1454 925 1551 contingat,
942 1479 1076 1548 nequeo
1094 1454 1218 1540 dicere,
1248 1453 1314 1526 tale
1332 1479 1391 1523 ex-

404 1568 557 1663 emplum
574 1586 664 1640 certe
682 1569 765 1640 mihi
782 1569 896 1640 videre
913 1593 1091 1664 nunquam
1108 1567 1230 1639 evenit.

449 1797 720 1878 Iurnuvnnnrs
748 1804 889 1874 morbus
919 1801 1098 1874 revertitur
1129 1800 1229 1878 valde
1255 1801 1390 1874 diversis

402 1913 503 1988 causi
520 1913 594 1986 fatis
615 1914 802 2003 manifesti,
832 1940 955 2011 nempe
972 1917 1067 2011 quod
1091 1915 1233 1988 irritatio
1259 1918 1390 2012 quaevia

401 2029 491 2103 forte
509 2031 671 2120 adhibita,
698 2033 786 2104 inter
811 2033 925 2106 causas
950 2035 1022 2131 ejus
1038 2033 1226 2128 praecipuas
1242 2034 1390 2128 excitan-

402 2160 451 2218 tes
469 2147 532 2219 rite
550 2148 722 2220 numerari
739 2149 850 2222 debet.

449 2379 595 2450 Moneo
613 2377 751 2475 longius
769 2377 941 2474 progreffo
959 2394 992 2450 et
1017 2399 1116 2448 crure
1140 2377 1388 2450 intumescenti-

401 2517 459 2571 am
474 2493 549 2566 satis
579 2518 744 2592 magnam
766 2495 837 2590 jam
869 2493 983 2584 nado,
1008 2511 1171 2587 apparent
1197 2493 1388 2570 eminentiae

401 2612 574 2706 quaedam,
599 2637 638 2684 ac
656 2611 758 2688 etiam
776 2611 960 2707 aliquando
977 2610 1111 2690 rimulae
1128 2626 1161 2681 et
1178 2609 1309 2684 fiffurae.
1328 2704 1332 2711 f

449 2845 556 2914 Huic
576 2837 816 2936 elephantiasin
838 2856 1081 2934 nuncuparunt
1098 2840 1200 2936 aliqui
1218 2840 1269 2911 his
1286 2844 1387 2918 rebus

399 2956 541 3052 decepti.

327 3254 330 3258 ,
449 3191 526 3262 Hic
546 3188 736 3260 notandum
753 3186 813 3276 est,
830 3181 1008 3282 postquam
1022 3188 1196 3260 hominem
1210 3188 1385 3284 aliquoties

399 3304 554 3376 invaserit
579 3306 722 3391 malum,
752 3320 924 3374 tumorem
953 3305 1209 3378 oedaematosum
1237 3303 1384 3376 talorum

399 3421 487 3514 saepe
503 3420 590 3507 fieri,
619 3418 764 3490 interdiu
793 3418 1096 3514 supervenientem,
1126 3436 1159 3492 et
1188 3433 1318 3516 aegroto
1347 3418 1384 3507 in

400 3534 488 3635 ledo
505 3534 743 3632 decumbente,
760 3533 1022 3614 evanescentem,
