3256 5344
757 613 945 715 [12]

357 819 558 913 perobscura
582 816 612 887 ei
638 815 771 887 affulsrt.
823 819 916 886 Ante
946 812 1175 909 pulcherrima
1202 818 1339 890 inventa

357 934 627 1010 anatomicorum
668 931 966 1003 celeberrimorum
1008 931 1158 1019 Hunter,
1198 935 1339 1020 Monro,

358 1050 518 1136 Hewson,
545 1066 578 1119 et
597 1046 862 1133 Crui'cklhanks,
890 1045 981 1118 dotti
1005 1043 1076 1117 fere
1094 1048 1227 1141 penitus
1244 1049 1340 1146 igno-

358 1165 476 1240 rabant
493 1161 632 1259 systema
648 1162 894 1258 lymphaticum
912 1160 1033 1256 quibus
1051 1160 1171 1232 vitium
1183 1162 1337 1234 inhaeret.

407 1394 506 1495 QJAE
524 1390 627 1502 igitur
644 1390 686 1460 de
703 1390 769 1462 hoc
787 1391 908 1461 morbo
922 1406 1135 1460 commentus
1149 1387 1196 1460 est
1208 1389 1341 1460 Dotlor

359 1504 492 1600 Hillary
509 1506 657 1575 multum
675 1504 805 1594 obscuri
823 1505 962 1590 habent,
989 1504 1113 1598 quippe
1135 1503 1344 1601 pathologiae

359 1621 543 1708 humorali,
572 1621 735 1692 doetrinae
761 1637 843 1691 tunc
861 1618 1021 1714 temporis
1041 1620 1168 1716 ubique
1185 1637 1342 1715 receptae,

359 1753 561 1808 mnrtuntur.

410 1951 515 2020 Hine
534 1978 543 2037 ;
571 1949 656 2020 ratio
675 1949 848 2034 reddatur,
874 1972 935 2018 cur
952 1948 1053 2044 sagax
1070 1948 1124 2021 hic
1142 1949 1293 2020 medicus
1310 1949 1346 2020 in

361 2090 512 2137 errorem
528 2064 696 2151 inciderit,
723 2064 849 2134 etenim
870 2071 1041 2133 tumorem
1059 2088 1200 2135 crurum
1216 2062 1346 2136 febrem
1370 2107 1379 2118 ·

362 2182 637 2276 consequentem,
662 2196 696 2250 et
725 2177 746 2247 a
775 2176 915 2248 materii
942 2177 1098 2248 morbidi
1116 2177 1264 2271 depofiti
1281 2179 1346 2249 ori-

363 2297 509 2384 undum,
530 2322 608 2391 quae
626 2295 647 2364 a
663 2283 763 2366 febre¹
776 2294 944 2389 originem
961 2293 1093 2365 trahere
1111 2293 1264 2380 credidit,
1290 2295 1365 2365 de·'

363 2412 500 2506 scripsit.
833 2425 837 2430 “

413 2648 452 2722 Sr
471 2647 698 2739 phaenomena
715 2643 795 2722 mali
812 2642 968 2715 accurate
994 2641 1203 2730 observaffet,
1230 2645 1349 2728 notitia

365 2760 546 2859 systematis
564 2760 760 2857 lymphatici
777 2777 860 2830 tunc
885 2756 1046 2850 temporis
1075 2775 1146 2828 erat
1175 2759 1260 2829 adeo
1286 2760 1349 2829 im.

367 2876 528 2971 perfode,
557 2899 628 2944 non
658 2873 884 2945 dubitandum
914 2868 959 2941 est
987 2872 1070 2965 quin
1097 2871 1347 2945 difficultatibus

368 2991 507 3087 quidem
524 2989 661 3059 summis
678 2988 919 3074 involveretur,
949 2987 1083 3058 et'ideo
1109 2988 1201 3060 haud
1226 2989 1349 3062 miran-

368 3108 466 3192 dum,
491 3129 571 3175 eum
588 3101 691 3198 longe
709 3101 729 3172 Ta
746 3102 884 3173 veritate
900 3102 1015 3173 multis
1037 3102 1073 3171 in
1098 3097 1208 3176 rebus¹
1225 3104 1350 3176 deflex-

365 3220 446 3296 ille:
473 3246 518 3292 ex
535 3217 764 3290 observatione
789 3218 880 3288 enim
905 3217 1101 3312 quotidiana
1127 3219 1201 3290 satis
1231 3220 1349 3314 liquet,

368 3361 472 3430 quam
489 3334 586 3407 facile
605 3359 699 3406 mens
718 3323 868 3405 humana
887 3357 939 3404 res
965 3331 1083 3421 fabbas,
1101 3333 1187 3430 ¹quae
1209 3336 1349 3405 maximi

369 3449 535 3524 momenti
548 3452 624 3536 fint,
641 3450 803 3546 negligat,
821 3473 929 3544 quum
943 3449 1141 3543 quibusdam
1154 3450 1349 3524 notionibus

369 3566 612 3662 praeconceptis
633 3565 861 3652 adversentur,
887 3582 958 3652 aut,
975 3589 1018 3636 ne
1034 3565 1164 3654 theoria
1181 3566 1301 3640 diretta
1317 3586 1350 3639 et

370 3683 429 3753 diu
446 3681 587 3753 stabilita
604 3697 752 3772 corruat,
769 3681 937 3772 timeatur.

418 3917 500 3986 Um
518 3941 563 3988 ex
579 3913 706 3986 civibus
724 3913 858 4002 nostris,
879 3915 937 4010 qui
954 3930 1061 3985 artem
1078 3916 1235 3987 medendi
1260 3919 1350 4011 apud

354 4056 433 4126 ‚nos
451 4031 690 4144 diuexercnst,
715 4033 895 4104 tradatum
912 4032 1061 4138 primum
1086 4034 1128 4108 de
1146 4033 1210 4108 hoc
1229 4037 1350 4114 morbo
