3256 5344
796 659 816 752 i
867 681 912 752 32
964 657 984 752 ]

439 854 501 924 Ex
519 851 669 925 culicum
680 833 719 922 ’et
745 846 942 926 animalium
959 853 1105 926 aliorum
1130 860 1255 946 morsu,
1273 863 1381 949 unde,

391 969 532 1066 prurigo
549 985 583 1040 et
599 965 775 1039 defricatio
787 968 960 1056 cuticulae,
977 971 1086 1042 oritur
1102 972 1271 1067 saepissime
1288 1001 1380 1048 mor-·

391 1085 469 1154 bus,

439 1317 586 1387 Nuuun
603 1341 656 1386 res
667 1331 782 1388 autem
798 1341 879 1388 eum
890 1316 1105 1414 frequentius
1121 1320 1265 1406 excitat,-
1278 1345 1384 1416 quam

391 1430 595 1502 animalcula
622 1455 799 1524 perparva,
828 1432 885 1503 cui
905 1457 1034 1506 nomen
1057 1433 1205 1506 inditum
1229 1435 1277 1506 est
1292 1437 1384 1530 apud
1451 1523 1456 1529 Ι

390 1545 518 1618 incolas
535 1545 670 1642 chigoe‚
694 1564 754 1618 aut
770 1546 887 1644 chigre
899 1547 933 1635 †‚
957 1550 1120 1644 quodque
1136 1551 1224 1624 hanc
1240 1551 1383 1624 insulam

391 1661 598 1757 potiffimum
613 1660 756 1734 infestat.
1201 1691 1206 1700 ·

677 2024 907 2100 CURATIO
924 2027 1102 2100 MORBI.

442 2238 501 2306 Da
522 2236 586 2308 hac
603 2261 654 2322 re,
668 2237 842 2331 sequentia
854 2236 1060 2331 potissimum
1077 2238 1319 2310 consideranda
1336 2238 1384 2308 vi

394 2351 531 2452 dentur,
554 2376 630 2436 nno,
648 2351 781 2437 Morbi,
798 2350 893 2422 seb're
910 2351 1091 2444 perstante,
1107 2377 1146 2424 ac
1163 2351 1237 2448 post
1253 2350 1384 2424 febrem

394 2459 550 2555 finitam3
576 2465 852 2538 inflammationis
879 2466 1036 2555 curatio;
1068 2469 1140 2556 ado,
1170 2469 1226 2540 Ne
1243 2470 1384 2538 morbus

390 2582 509 2653 redeat
537 2605 576 2652 ac
593 2605 636 2652 ne
661 2580 744 2676 quid
771 2582 906 2678 corpori
936 2579 1161 2656 deformitatis
1190 2607 1235 2654 ex
1261 2584 1386 2654 morbo

394 2695 503 2770 restet.

390 2971 394 2982 .
451 2936 527 2997 rma,
552 2913 689 2982 Furius
708 2937 746 2984 ac
762 2911 1036 3015 inflammationis
1054 2911 1176 3007 topicae
1193 2913 1332 2986 curatio.
1380 2963 1401 3019 ‘.

435 3253 455 3326 †
478 3249 565 3310 Pulex
580 3249 778 3328 penetrantes}
792 3249 859 3308 Lin.
876 3249 948 3328 Syn.
971 3251 1039 3310 Nat.
1058 3264 1086 3308 et
1100 3273 1247 3330 perparvus
1261 3251 1382 3327 quidem.

395 3349 498 3408 Cutem
513 3347 646 3426 perforat,
661 3347 811 3423 nidumque
825 3349 852 3406 in
868 3339 949 3425 iguem
964 3347 1131 3426 recipiantur
1145 3372 1204 3414 ova,
1221 3369 1295 3406 more
1306 3348 1384 3406 struit

395 3465 488 3503 revera
511 3435 649 3515 mirific03
670 3445 792 3504 animalia
810 3445 882 3504 enim
906 3447 1042 3505 abdomen
1067 3444 1287 3526 magnitudinem
1307 3444 1383 3504 suam
1471 3428 1476 3434 ’

395 3541 490 3600 saitem
504 3541 651 3602 duodecies
665 3543 831 3620 exsuperat:
854 3543 880 3600 in
896 3545 951 3603 hoc
965 3545 1143 3602 continentur
1156 3563 1207 3602 ova
1222 3541 1269 3601 seu
1281 3543 1381 3604 lender.

396 3640 538 3718 Tempore
559 3641 680 3717 quodam
702 3640 792 3718 elapso
815 3641 995 3720 disrumpitur
1018 3641 1159 3709 insertum,
1184 3641 1383 3720 progeniesque

395 3743 453 3820 eJua
466 3752 591 3797 recenter
602 3736 722 3806 exclusa,
735 3751 828 3816 partes
842 3737 942 3799 vicinas
956 3738 1093 3816 infestant.
1137 3739 1183 3797 Ex
1199 3761 1255 3816 quo
1270 3754 1381 3815 tempo-

395 3859 425 3896 re
438 3834 595 3916 persoratur
607 3835 728 3894 cuticula
741 3859 750 3906 ;
770 3836 803 3894 fit
816 3835 995 3896 intolerabilis
1011 3834 1145 3912 pruritus,
1159 3857 1193 3894 ex
1207 3857 1264 3914 quo
1278 3835 1384 3892 inflam-

396 3935 482 3994 matio
496 3948 524 3992 et
539 3933 699 4011 suppuratio
713 3934 832 4012 persaepe
845 3935 911 3993 oriri
932 3933 1053 3992 assolent.
1097 3935 1197 3993 Sedem
1223 3934 1271 3992 fibi
1293 3933 1321 3990 in
1334 3954 1383 4012 pe·

396 4033 463 4091 dum
477 4031 581 4112 digitis,
596 4030 743 4108 pedibusve
758 4031 820 4108 ipsrs
833 4030 965 4091 inscitum
975 4029 1187 4108 frequentissimi
1202 4029 1300 4110 deligit
1313 4052 1322 4090 r
1342 4043 1383 4088 at·

397 4128 529 4206 quehinc
542 4127 677 4208 originem
690 4127 805 4188 trahunt
817 4127 909 4188 ulcera
922 4127 1017 4188 harum
1033 4128 1154 4208 partium
1167 4125 1340 4206 permolesta.
