3256 5344
801 716 988 815 [36]

401 929 596 988 aesomnes
621 915 736 988 odoris
761 913 862 988 valde
890 913 1015 1013 ingrati
1042 914 1166 1004 reddit,
1197 915 1388 1014 viribusque

399 1032 571 1106 diureticis
588 1033 703 1126 pollet.

447 1267 843 1348 Anssurcuu.-lnter
861 1265 925 1338 alia
940 1265 1102 1352 remedia,
1119 1266 1219 1364 hujus
1233 1289 1397 1362 quoque‚l

400 1379 525 1478 quippe
542 1383 636 1479 quod
652 1382 778 1453 viribus
796 1381 928 1478 magnis
944 1382 1084 1478 gaudet,
1109 1381 1301 1476 periculum
1318 1380 1388 1451 sac·

399 1515 475 1570 tum
491 1498 551 1586 est,
577 1516 623 1584 et,
649 1515 817 1593 quantum
834 1525 878 1569 ex
895 1496 1103 1592 experientis
1121 1499 1215 1593 loqui
1241 1497 1388 1592 possum,

351 1605 352 1610 ἵ
397 1613 596 1710 potestatem
613 1615 708 1686 haud
724 1609 1010 1688 contemnendam
1033 1613 1189 1686 ostendit.
1240 1613 1390 1702 Medicis

397 1731 495 1818 verb,
512 1729 619 1804 isthuc
637 1731 812 1824 temporis,
834 1731 911 1804 usus
927 1730 1065 1802 arsenici
1083 1731 1196 1802 minus
1214 1729 1386 1828 cognitus,

396 1864 432 1919 et
463 1847 567 1943 igitur
600 1847 762 1934 timidius,
797 1871 901 1941 quam
934 1871 1040 1933 nunc,
1074 1847 1390 1940 proposuerunt.-

345 2029 349 2035 .
396 1961 534 2068 Quippe
551 1963 642 2034 enim
658 1963 853 2056 nuperrime
869 1977 1004 2033 tantum
1020 1961 1056 2034 in
1082 1961 1251 2034 medicina
1277 1961 1384 2058 legiti-

398 2099 454 2151 mc
471 2077 563 2150 cultfi
579 2079 729 2152 inolevit.

446 2313 651 2385 th‘ruras
669 2313 773 2409 igitur
791 2316 861 2409 ejus
878 2335 950 2383 non
967 2312 1079 2383 adhuc
1092 2311 1166 2383 satis
1180 2327 1385 2406 compertas,

396 2428 593 2528 n'eclomnia
610 2429 699 2498 mala
715 2454 760 2499 ex
778 2429 838 2499 usu
864 2429 1052 2501 luculenter
1078 2427 1262 2500 monstrata
1290 2427 1386 2499 fuisse

321 2615 326 2624 ,
395 2541 680 2615 no‘n‘mirandum
697 2543 754 2616 est.
806 2544 865 2616 Ex
880 2570 949 2641 quo
966 2561 1134 2639 tempore,
1159 2546 1202 2616 de
1229 2571 1270 2616 eo
1288 2543 1384 2616 libel-

395 2659 470 2730 lum
486 2659 522 2730 in
549 2661 662 2732 lucem
690 2661 795 2732 edidit
820 2663 955 2752 Doslor
980 2661 1125 2747 Fowler,
1151 2663 1194 2732 ab
1224 2661 1285 2732 usu
1313 2662 1385 2755 ejus

395 2774 509 2847 minus
527 2776 712 2849 abhorrent
729 2777 863 2849 medici.
915 2776 987 2848 Ubi
1009 2777 1124 2848 ulcera
1149 2761 1268 2846 adsunt
1292 2773 1386 2846 inve-

395 2906 502 2962 terata
527 2893 662 2985 aliisque
687 2893 843 2963 remediis
872 2893 965 2962 haud
994 2892 1160 2977 cedentia,
1191 2890 1384 2985 usurpatur,

396 3031 509 3102 exque
525 3031 567 3078 eo
583 3007 755 3102 praecipue
772 3005 924 3078 constare
941 3007 1063 3078 dicitur
1083 3007 1273 3078 remedium
1290 3009 1385 3078 Ton-

395 3123 566 3221 quinium‚
591 3109 695 3220 quod
714 3140 837 3195 contra
864 3123 994 3208 morsus
1024 3123 1221 3195 animalium
1252 3123 1385 3194 rabido-

396 3265 475 3313 rum
500 3267 540 3314 ac
565 3243 813 3313 ¹venenatorum
842 3241 957 3336 multis
987 3241 1143 3312 laudibus
1173 3238 1291 3311 fertur.
1343 3241 1383 3310 ln

396 3359 704 3440 curatione'autem
729 3355 1023 3430 intermittendum
1048 3355 1220 3451 praecipue
1247 3355 1383 3427 adhibe·
1444 3447 1451 3468 ι

395 3471 502 3545 tur'et
519 3475 574 3546 hic
600 3476 750 3548 multum'
780 3473 932 3568 prodesse
959 3473 1142 3544 invenitur.
1193 3473 1309 3542 Bonos
1335 3469 1382 3542 es-

393 3588 502 3662 sedlus
519 3591 677 3686 praestare
694 3574 830 3690 egomet
847 3590 1019 3662 observavi
1035 3589 1072 3660 in
1083 3585 1279 3660 nosocomio
1296 3591 1382 3681 pub·

356 3793 358 3804 Α
395 3706 461 3780 lico
479 3706 628 3778 Londini
656 3707 715 3780 ubi
742 3706 893 3803 quotidie
920 3707 1109 3800 usurpatur.
1161 3702 1239 3774 Sive
1267 3721 1382 3780 autem

394 3847 592 3910 numerum,
623 3824 689 3894 five
716 3823 844 3896 sarnam
873 3807 1086 3896 medicorum
1115 3819 1174 3915 qui
1194 3820 1380 3893 arsenicum

394 3944 638 4028 condemnant,
672 3941 810 4035 spesteS,
840 3941 967 4012 multos
1001 3938 1067 4009 hoc
1093 3937 1380 4012 medicamentum

394 4080 458 4129 nec
475 4060 661 4152 prudenter
685 4057 747 4130 nec
773 4073 849 4128 tuto
878 4054 1030 4128 adhiberi
1059 4051 1149 4147 polle
1175 4053 1380 4125 contendere

377 4175 629 4276 ‘confitendum
647 4173 704 4246 est.
731 4173 835 4246 'Huic
852 4172 940 4246 inter
957 4171 1020 4256 alia
1032 4169 1197 4266 imprimis
1210 4167 1378 4264 objicitur3

1566 1647 1578 1688 i
