3256 5344
252 798 309 850 tur
326 769 468 874 aliq'uis;
494 777 549 848 sed
566 761 738 848 meritoria·
759 778 947 849 tenendum
978 777 1037 866 est,
1058 779 1233 867 corticem,

254 893 464 990 febrifugum
488 893 762 986 potentissimum,
779 895 816 964 in
833 894 899 965 hoc
924 897 1046 966 morbo
1067 897 1237 969 debellan-

252 1011 297 1081 do
314 1011 373 1079 vix
390 1009 573 1104 quicquam
589 1012 774 1103 proficere3
802 1009 942 1080 minime
969 1036 1109 1104 quoque
1131 1012 1236 1084 medi·

252 1124 300 1195 cis
317 1124 497 1195 convenire
515 1126 557 1195 de
574 1126 678 1195 modo
704 1125 877 1220 operandi,
895 1151 964 1219 quo
990 1126 1064 1196 haec
1091 1126 1235 1196 medica-

251 1239 343 1310 mina
359 1239 394 1310 in
411 1237 584 1338 curatione
600 1241 894 1311 intermittentium
911 1239 1051 1312 feliciter
1075 1241 1237 1312 adhiben-

132 1451 137 1464 ν
156 1377 158 1388 ⁴
252 1369 324 1425 tur.¹

298 1627 462 1698 Nunuus
480 1624 632 1722 quidem,
648 1625 709 1695 nisr
736 1623 901 1720 systemati
924 1626 1000 1718 plus
1014 1625 1104 1721 justo
1122 1625 1234 1697 addic-

250 1758 303 1814 tus
321 1743 481 1820 corticem
497 1742 726 1814 Peruvianum
743 1758 777 1812 et
792 1741 979 1812 arsenicum
995 1742 1112 1812 iisdem
1129 1742 1233 1813 virtu-
1318 1804 1320 1808 ,

249 1855 338 1928 tibus
355 1860 492 1928 morbos
509 1858 636 1944 sanare,
653 1881 806 1954 unquam
824 1856 959 1927 credere
977 1854 1094 1950 potest.

296 2093 393 2175 HAEc
408 2083 568 2162 'remedia
599 2113 694 2176 vero,
731 2106 907 2183 utcunque
938 2087 1098 2186 sagaciter
1128 2089 1233 2159 admi·
1351 2149 1355 2160 .

246 2205 393 2304 mitrata,
410 2224 444 2278 et
460 2205 546 2276 votis
563 2205 684 2276 medici
713 2204 841 2298 optime
867 2203 1115 2297 respondentia,
1143 2229 1236 2275 mor·

245 2323 330 2406 bum
345 2320 559 2406 solummodo
577 2313 720 2407 leniunt,
737 2319 936 2416 neutiquam
954 2320 1089 2390 tollunt.

211 2617 214 2622 .
293 2542 605 2624 Dumcnnnnun
635 2549 683 2620 est
711 2549 967 2644 aegrotantibus,
993 2574 1037 2618 cx
1060 2549 1180 2634 insula,
1196 2548 1233 2620 in

180 2705 183 2712 ·
245 2669 420 2768 regionem
448 2666 656 2764 frigidiorem
681 2665 735 2735 vel
762 2664 1039 2734 humidiorem-fi
1065 2667 1227 2736 morbum

247 2775 379 2894 penitus
397 2783 564 2877 extirpare
581 2781 696 2852 velint.

294 3013 516 3085 Pantaucos
551 3031 678 3099 autem,
712 2982 899 3083 dolendum
932 3009 991 3098 est,
1026 3011 1084 3104 qui
1110 3013 1232 3082 morbo

247 3146 434 3216 tentantur,
451 3129 578 3200 adhoc
595 3113 762 3198 auxilium
780 3125 966 3224 confugere
983 3125 1127 3219 possunt.

292 3363 411 3434 Nune
443 3361 486 3431 ad
513 3357 690 3430 confilium
717 3356 888 3442 ultimum,
914 3355 1075 3450 quodque
1093 3355 1231 3448 quidem
1328 3343 1333 3352 ⁵

220 3495 221 3498 ’
245 3478 360 3574 magni
376 3473 510 3548 interest
536 3474 726 3561 devenitur,
742 3472 876 3557 scilicet,
894 3470 1016 3565 quibus
1042 3470 1229 3542 rationibus

244 3592 449 3674 deformitati
465 3589 536 3678 isti,
546 3616 637 3685 quae,
648 3588 950 3686 morbo-neglecto,
963 3577 1140 3682 nunquam
1157 3609 1229 3656 non

245 3709 433 3808 contingit3
460 3731 721 3802 praecaveamus.

291 3945 358 4014 An·
371 3941 437 4012 hoc
449 3939 625 4011 confilium
638 3938 860 4033 explendum,
873 3935 1119 4030 absorptionem
1133 3931 1226 4008 fluidi

243 4055 438 4130 extravasati
451 4079 559 4150 ,quam
576 4055 724 4150 citissrme
741 4053 952 4150 adjuvemuS,
969 4065 1112 4144 oportet.

868 4165 936 4238 Ea
