3256 5344
679 519 870 620 [17]

322 715 367 797 su
375 723 557 820 plerisque,
574 719 633 818 qui
644 747 686 793 eo
697 721 758 793 diu
770 719 942 793 colluctati
958 719 1047 808 sunt,
1060 737 1170 794 metus
1184 737 1256 796 rna·

275 835 297 930 li
326 838 639 936 appropinquantis,
669 838 705 908 ni
734 834 848 925 fallor,
873 835 1004 908 febrem
1027 837 1258 932 symptomati.

275 981 351 1026 cam
368 956 478 1048 npulto
495 954 669 1026 accelerat.

207 1213 213 1222 .
321 1175 437 1244 Aura
455 1189 538 1242 vero
564 1193 668 1264 quarn
691 1169 912 1263 paroxysmus
930 1167 1071 1255 accedit,
1102 1171 1265 1270 dumque.

99 1263 104 1274 .
177 1377 183 1392 Ι
271 1285 407 1382 perstat,
424 1287 524 1360 dolor
540 1286 647 1360 cruris
664 1305 697 1358 et
722 1285 853 1382 glandis
884 1286 990 1382 magis
1017 1287 1191 1384 magisque
1206 1287 1258 1360 in,

272 1403 483 1500 gravescens,
507 1404 645 1476 tandem
674 1427 715 1472 eo
746 1402 850 1496 usque
874 1401 965 1473 saevit
995 1419 1033 1472 ut
1061 1402 1259 1476 violentiam

272 1517 343 1611 ejus
360 1517 418 1588 vix
429 1516 554 1588 diutius
571 1515 659 1587 ferre
676 1533 777 1627 queat
793 1513 923 1586 infelix.
975 1517 1184 1588 Sternutatio
1200 1518 1256 1590 vei

272 1628 362 1702 tussis
395 1631 598 1705 cruciatibus
628 1631 737 1706 affscit
767 1632 871 1720 diris;
899 1631 1127 1728 stragulorum
1156 1633 1258 1706 etiarn

273 1749 446 1826 contaetus
464 1735 673 1835 doiorificnn,
686 1748 901 1843 corporisque
919 1748 1069 1845 agitatio,
1086 1750 1171 1823 dum
1184 1749 1260 1822 snb-

273 1861 320 1936 est
336 1863 459 1936 horror
483 1863 610 1936 febrilis
635 1865 819 1960 angoribus
848 1865 1006 1936 maximis
1031 1865 1285 1938 miserandum

272 1978 458 2067 excruciat,
476 1980 535 2075 qui
551 1979 612 2052 nisr
628 1979 723 2052 brevi
736 1979 913 2052 finirentur
929 1979 1141 2052 intolerandi
1149 1979 1262 2058 essent.

321 2212 403 2284 Has
422 2209 566 2295 miserias
583 2210 785 2306 plerumque
795 2210 953 2282 terminat
966 2211 1131 2299 vomitus,
1147 2212 1206 2308 qui
1223 2230 1262 2288 ut

274 2328 309 2405 in
324 2328 579 2416 intermittente,
597 2327 702 2400 stadio
730 2327 855 2424 frigido
881 2329 986 2406 finem
1008 2327 1262 2422 imponit,1c'ali.

274 2445 426 2538 dumque
441 2443 582 2513 inducit.
625 2445 819 2536 Deinceps,
843 2441 946 2518 febris
973 2445 1123 2541 fingulos
1139 2470 1264 2538 paron·

274 2559 384 2655 ysmos
400 2557 651 2630 intermittentis
668 2582 774 2652 prope
791 2556 939 2630 referens
957 2561 1078 2631 sudore
1095 2578 1129 2632 et
1145 2561 1266 2634 somno
1369 2568 1372 2573 ’

274 2674 447 2770 profundo
464 2673 604 2763 finitur3
633 2691 748 2746 manat
760 2674 862 2748 sudor
879 2675 953 2746 satis
970 2676 1043 2764 diu,
1060 2676 1264 2774 somnusque

274 2793 371 2862 valde
384 2789 574 2886 profundus
590 2819 599 2878 3
628 2792 765 2864 tandem
779 2791 1027 2888 expergescitor
1040 2793 1159 2866 dolore
1176 2796 1264 2868 naula

274 2905 353 2976 tum
369 2906 565 2991 imminuto,
575 2906 631 2978 sed
643 2919 861 3000 nequaquam
877 2907 1010 3000 penitus
1023 2908 1164 2980 cessante
1180 2935 1266 2982 con-

275 3019 374 3114 tingit
391 3021 492 3098 etiam
508 3020 544 3090 id
560 3022 721 3114 temporis
750 3021 853 3094 febris
880 3023 1147 3117 symptomaticae
1161 3024 1264 3098 inter-

276 3135 396 3208 miffio.

325 3385 462 3458 Eooan
481 3409 621 3480 quoque
646 3400 812 3479 tempore,
831 3385 944 3458 'cruris
974 3385 1059 3458 cutis
1088 3388 1204 3462 multis
1229 3387 1265 3464 in

279 3501 375 3587 locis,
393 3503 533 3574 maculis
550 3501 673 3573 coloris
690 3502 782 3574 rutili
798 3500 1004 3574 interstinsh
1021 3501 1092 3574 est:
1119 3503 1266 3598 perstant
1327 3531 1330 3538 ’

278 3618 427 3692 doloret
445 3619 633 3694 contrasiio
650 3618 756 3692 cruris
774 3621 928 3714 quamvis
955 3619 1123 3693 leniores:
1150 3638 1265 3693 tumor

275 3759 415 3830 quoque
431 3736 521 3810 adest
537 3737 709 3834 glandula
725 3733 905 3832 inguinalis
920 3765 931 3824 ;
959 3752 992 3806 et
1008 3751 1138 3829 partem
1161 3736 1266 3831 majo·

275 3873 348 3924 rem
389 3853 442 3925 vel
476 3853 643 3928 minorem
681 3853 787 3930 cruris
821 3869 966 3949 occupat
998 3851 1265 3940 intumescentia,
