3256 5344
194 845 198 858 ·
297 845 372 897 tum
389 823 563 895 commodi
579 848 623 893 ex
640 822 828 894 mutatione
845 820 924 893 coeli
946 823 1137 914 expediant,
1158 821 1196 892 iis
1222 845 1277 892 me

293 941 420 1035 judice,
437 938 543 1035 magis
561 937 723 1032 proderit,
749 938 850 1023 hanc,
868 961 972 1031 quam
997 937 1150 1032 regiones
1167 939 1276 1008 Euro·

219 1117 221 1126 s
297 1077 350 1148 pae
368 1053 602 1124 meridionales
619 1069 743 1146 petere.

345 1289 598 1358 FnAmnousm
630 1286 779 1373 Culleni‚
806 1286 861 1356 cui
888 1309 1016 1356 nomen
1041 1280 1203 1382 Anglice‚
1228 1287 1279 1357 the

296 1405 410 1486 Tarus,
429 1383 550 1498 (quam
567 1401 676 1495 posuit
692 1402 885 1500 Nosologus
910 1401 966 1471 ille
984 1401 1220 1473 celeberrimus
1245 1401 1282 1474 in

300 1519 355 1589 Cl.
381 1516 489 1588 tertii.
518 1517 782 1603 Cachexiarum‚
800 1534 834 1587 et
852 1517 939 1586 Ord.
966 1515 1074 1586 tertii.
1113 1517 1284 1614 Impetigi-

299 1657 398 1719 num,
414 1659 492 1726 quae
510 1650 623 1703 autem
641 1634 684 1704 ad
701 1632 951 1702 Exanthemata
968 1630 1109 1702 strictius
1126 1631 1284 1725 pertinet,

149 1773 169 1797 N
252 1747 254 1751 ’
298 1750 473 1821 hominem
490 1751 550 1821 nist
567 1751 684 1836 semet·
698 1775 757 1844 per
774 1736 885 1820 totum
901 1748 979 1820 ¹vitae
992 1749 1183 1836 decursum,
1201 1750 1284 1820 ficu·

179 1917 183 1926 .
299 1866 325 1935 ti
341 1864 491 1952 variolae‚
508 1889 686 1959 nunquam
702 1865 895 1956 invadens),
913 1857 1182 1936 Barbadensrbus
1200 1865 1284 1934 adeo

300 1980 418 2078 ignota
436 1979 496 2068 est,
514 1997 552 2050 ut
569 2005 630 2051 nec
649 1981 813 2066 medicus,
831 2005 894 2050 nec
920 1980 1074 2066 colonus,
1092 1980 1222 2050 malum
1238 1997 1286 2050 at-

300 2096 451 2166 tentione
469 2095 611 2166 minimi
637 2095 832 2194 dignentur,
862 2117 925 2166 nec
951 2093 1077 2190 aliquid
1102 2093 1211 2166 metire
1237 2095 1286 2166 in-

302 2212 487 2284 dehabent
503 2202 635 2282 incolae.

351 2445 448 2515 HAEc
468 2442 586 2513 resest
603 2441 694 2514 certe
713 2443 816 2540 digna
833 2460 965 2531 notatu,
984 2469 1063 2515 cum
1088 2445 1178 2516 enim
1201 2444 1288 2516 inter

302 2557 408 2630 Afros
422 2539 574 2629 recenter
587 2559 757 2645 adrestos,
773 2559 1015 2653 AEthiopesque
1024 2559 1060 2629 in
1072 2561 1179 2630 insula
1191 2576 1288 2632 natos

303 2674 546 2746 commercium
564 2673 709 2745 liberum
735 2674 1038 2762 intercedaucum
1068 2674 1123 2746 hic
1148 2677 1288 2746 morbus

303 2792 403 2862 etiam
420 2791 569 2861 maxime
586 2790 797 2888 contagiosus
816 2792 868 2877 fit,
886 2807 919 2861 et
935 2790 970 2860 in
983 2780 1124 2862 insulam
1142 2793 1210 2863 fine
1227 2794 1289 2864 du-

304 2907 360 2975 bio
377 2908 463 2998 saepe
479 2907 590 2977 illatus
608 2906 709 2977 fuerit
735 2931 791 2978 aer
808 2925 935 2994 tamen,
961 2910 1134 3002 quoddam
1159 2909 1289 3002 propri-

305 3045 377 3107 um,
395 3021 485 3090 malo
499 3023 584 3092 adeo
597 3022 774 3093 inimicum
792 3023 955 3109 continet,
974 3040 1071 3094 utne
1096 3023 1234 3117 quidem
1250 3050 1289 3096 u·

305 3161 388 3207 num
407 3137 490 3206 dum
516 3137 574 3206 diu
600 3136 635 3206 in
661 3137 767 3208 insula
783 3139 930 3208 versatus
955 3139 1289 3233 effem,'exemplum

305 3254 387 3323 mihi
400 3268 602 3324 occurreret.
664 3329 666 3336 A

276 3491 278 3498 ’
305 3509 307 3516 ·
355 3487 483 3556 Pneus
502 3510 573 3556 non
596 3486 655 3557 nisi
675 3469 774 3560 unica
791 3505 910 3559 notatu
928 3489 1031 3586 digna
1048 3490 1083 3558 in
1100 3487 1164 3560 hic
1181 3487 1289 3573 insuli

293 3591 474 3673 invenitur
489 3632 498 3688 3
527 3604 691 3699 hujusque
709 3606 788 3676 fitus
806 3604 852 3676 est
869 3606 942 3676 talis
957 3635 967 3692 3
996 3623 1032 3675 ut
1059 3605 1290 3677 hinc'nullum

306 3720 465 3788 morbum
483 3719 562 3789 oriri
588 3720 800 3812 suspicemur.
852 3725 972 3826 Qtum
997 3721 1087 3791 enim
1112 3719 1214 3791 febris
1241 3721 1291 3792 in-

306 3833 507 3919 termittere,
525 3835 622 3904 nobis
640 3836 773 3928 penitus
790 3835 980 3932 ignoretur,
998 3862 1036 3908 ac
1053 3835 1101 3907 illi
1118 3834 1177 3929 qui
1197 3837 1291 3929 palu-

307 3947 342 4018 di
358 3947 459 4018 vicini
476 3948 552 4019 sunt
565 3949 757 4021 valetudine
771 3949 868 4045 aequc
880 3949 972 4022 boni
988 3950 1163 4037 fruuntur,
1181 3976 1219 4022 ac
1237 3951 1291 4022 alii
1321 4019 1325 4028 ,
1424 4043 1426 4048 Ι

307 4087 410 4158 quam
428 4063 615 4160 longiffime
632 4068 675 4138 ab
700 4065 740 4138 ed
765 4069 947 4164 degentes;
975 4065 1040 4138 bic
1064 4091 1103 4138 re
1126 4065 1290 4160 perpensi
1315 4086 1321 4092 “
1421 4058 1423 4066 '
