3256 5344
685 564 955 659 [¹¹].

305 764 412 836 dotes.
463 763 542 833 Hoc
559 759 636 830 loco
653 759 762 831 solum
779 760 954 832 observare
972 757 1061 845 licet,
1079 759 1173 830 nulla
1190 783 1289 831 accu-

306 880 430 951 ratiora
446 877 692 972 experimenta,
717 893 885 971 quantum
902 875 982 963 scio,
1012 877 1123 948 adhuc
1140 874 1291 947 instituta

306 995 382 1082 esse,
412 1019 490 1089 quae
508 1017 570 1068 nos
588 994 630 1064 de
656 991 777 1072 naturfi
803 993 860 1062 seu
888 991 1074 1086 quantitate
1100 992 1200 1063 ullius
1229 993 1294 1062 im·

305 1109 533 1207 pregnationis
550 1109 676 1195 salinae,
693 1133 797 1202 quam
815 1108 936 1204 singuli
953 1105 1064 1178 fontes
1082 1107 1291 1196 contineant,

259 1235 261 1240 ’
306 1211 463 1297 certiores
481 1226 635 1300 reddant.
683 1224 788 1295 Haud
805 1248 944 1319 quoque
960 1223 1141 1320 indignum
1158 1238 1292 1311 notatu,
1375 1293 1379 1301 ,

307 1367 413 1437 equos
431 1333 580 1435 aliosque
596 1341 832 1436 quadrupedes
851 1337 940 1435 aquai
956 1339 1121 1434 pluvitiali
1145 1338 1293 1440 instag÷

305 1458 357 1530 nis
375 1458 529 1545 collesla,
547 1453 607 1529 uti.
761 1484 764 1493 ·

354 1671 540 1773 annrvrs
559 1668 728 1739 diversttas
746 1665 793 1738 est
806 1691 945 1739 morum
960 1665 1131 1762 vietusque
1143 1668 1228 1738 adeo
1241 1667 1291 1738 in,-

305 1783 419 1880 srgniS‚
444 1784 638 1881 generalem
655 1783 810 1854 habitum
828 1783 980 1877 corporis
998 1782 1083 1854 mire
1101 1784 1290 1856 consimiles

304 1900 380 1969 sunt
397 1900 626 1970 Barbadenses
645 1900 818 1995 Cujusque
835 1899 974 1976 ordinis.
1025 1900 1143 1970 Pulsus
1156 1901 1291 1972 arteria-

305 2037 383 2086 rum
400 2013 641 2110 languidiores,
671 2015 779 2110 major
795 2009 1012 2105 irritabilitas,
1042 2015 1166 2086 celeres
1183 2016 1290 2106 irasci,

304 2131 428 2212 laboris
446 2132 531 2202 adeo
548 2131 759 2228 impatientes
777 2147 815 2202 ut
832 2156 976 2225 corpora
992 2156 1056 2203 nec
1082 2132 1192 2206 valida
1212 2133 1290 2220 smt,

303 2273 424 2320 necea
440 2248 593 2344 quotidie
611 2266 669 2320 aut
689 2249 888 2346 regulariter
914 2265 1104 2321 exerceant.
1155 2251 1290 2344 Saepiirs

303 2381 417 2436 autem
434 2368 477 2436 ab
492 2365 732 2438 exercitatione
745 2363 991 2459 violentilsrmfi,
1008 2365 1193 2454 saltatione,
1211 2393 1239 2438 e.
1252 2393 1287 2464 g.

303 2479 372 2575 qus
399 2481 588 2551 admodum
617 2483 840 2568 deleslantur,
870 2482 914 2552 ad
939 2481 1096 2553 inertiam
1122 2483 1289 2556 summam

119 2645 122 2658 v
241 2689 247 2698 ἱ
302 2596 487 2702 transeunt,
514 2597 623 2667 donec
640 2594 777 2666 stimulo
794 2597 909 2690 aliquo
927 2595 947 2666 i
963 2588 1023 2667 suo
1039 2598 1158 2692 sopore
1175 2601 1288 2682 rursus

302 2713 553 2785 exsuscitentur.

309 2971 312 2980 ,
351 2913 390 3002 St
409 2937 478 3006 quo
496 2909 619 3000 studio,
644 2937 714 3007 quo
732 2895 857 3011 ardore
869 2912 1059 3008 aucupandi
1076 2914 1287 3007 voluptatem

258 3059 263 3076 ι
301 3025 549 3121 prosequimur,
580 3029 664 3098 dum
694 3053 770 3099 aves
798 3027 1003 3124 migratoriae
1032 3027 1173 3100 insulam
1202 3029 1287 3116 revi-

300 3142 386 3228 sant,
413 3142 618 3236 reputaverit
645 3142 789 3236 aliquis;
817 3142 938 3216 nostris
960 3144 1112 3216 moribus
1129 3143 1284 3232 assuetus,

301 3257 381 3348 huic
398 3259 621 3332 observationi
637 3257 735 3332 facile
751 3258 950 3365 assentietur⁷

575 3696 1002 3798 HrsroRmMoRsr,

347 3909 526 3980 Nnrunn
543 3910 643 4008 hujus
661 3909 772 3982 morbi
789 3910 934 3982 tenebris
953 3911 1059 3982 densis
1089 3910 1148 3982 diu
1177 3912 1281 4002 obvo-¹

302 4026 372 4097 luta
388 4025 447 4112 est,
465 4042 539 4098 ‘nec
567 4027 627 4100 nisi
654 4027 848 4124 nuperrime
876 4046 1010 4100 tantum
1036 4029 1097 4098 lux
1122 4029 1281 4138 quaedam
