3256 5344
769 539 959 634 [ιὸ]

371 735 440 804 talo
457 751 584 820 autem,
609 738 791 828 antequam
808 737 949 806 morbus
975 733 1035 804 diu
1059 733 1259 828 perstiterit3
1286 725 1360 810 fere*

376 867 535 923 contenta
551 849 608 921 est.

317 1160 322 1172 ¹
418 1085 605 1190 QnNQJu
623 1083 755 1154 autsex
771 1083 890 1166 diebus
913 1084 1042 1177 elapsu,
1069 1085 1093 1154 fi
1121 1087 1252 1180 aegroto
1284 1085 1362 1158 crui

369 1199 519 1270 suumin
535 1199 699 1293 positione
721 1199 925 1271 llorizo'rttali
942 1200 1056 1294 quiete
1072 1201 1201 1271 servare
1214 1201 1360 1300 licuerit,

367 1315 531 1408 paulatim
548 1316 717 1387 decedunt
742 1317 857 1386 omnia
883 1317 990 1414 sigua,
1014 1333 1048 1386 et
1076 1316 1236 1388 valetudo
1272 1319 1360 1389 redit

368 1428 528 1524 pristina3
555 1431 615 1502 nisr
633 1433 727 1526 quod
743 1432 906 1529 glandula
922 1433 1123 1526 quibusdam
1144 1433 1181 1504 in
1198 1433 1298 1530 aegris
1324 1451 1358 1505 a'-

270 1583 272 1588 ·
368 1545 474 1642 liquid
490 1547 754 1620 intumescentiae
771 1549 830 1620 diu
847 1549 979 1640 retinet.

778 1711 791 1734 ,
939 1661 960 1720 0

418 1775 546 1845 Uitrus
564 1775 712 1869 impetus'
735 1779 791 1872 (ut
820 1777 926 1873 vulgo
956 1778 1144 1872 loquuntur
1175 1767 1360 1871 nostrates)

368 1887 540 1962 historiam
574 1893 776 1964 succinttam
811 1893 899 1964 eeu.
951 1895 1025 1965 un
1054 1894 1203 1988 aliquem
1239 1873 1358 1988 saepns

367 2006 533 2097 invaserit,
551 2009 609 2080 ubi
625 2009 780 2108 negletta
796 2027 854 2081 aut
872 2009 987 2081 omiffa
1002 2011 1125 2082 idonea
1142 2012 1272 2082 curatio
1288 2010 1359 2082 fue·¹

368 2123 424 2210 rit,
449 2143 565 2197 tumor
581 2127 701 2214 cruris,
727 2127 799 2221 qui,
826 2127 1093 2198 inflammatione
1109 2127 1235 2213 sedati,
1260 2124 1358 2198 facile

367 2239 568 2327 subsidebat,
585 2266 678 2313 nunc
696 2243 821 2312 diutius
838 2244 1012 2336 perdurat,
1039 2255 1109 2314 ar'te
1126 2244 1264 2313 tandem
1281 2242 1359 2314 nul·

367 2355 672 2446 lusublev'andus3
699 2357 778 2428 hinc
808 2357 1060 2430 intumescentia
1089 2358 1197 2428 oritur
1226 2356 1357 2448 locali&

368 2472 468 2568 hujus
486 2475 565 2544 mali
583 2492 664 2546 nota
681 2474 830 2545 maxime
846 2473 995 2572 insignis.

415 2710 671 2780 Ineunouunu
689 2706 737 2778 est
754 2708 846 2778 dittu·
862 2719 1025 2800 quantam
1050 2708 1178 2778 molem
1203 2733 1280 2780 crus
1306 2687 1370 2780 iux·

356 2826 503 2895 ,terdum
528 2823 677 2916 accipiat.
729 2822 867 2919 AEgroti
893 2821 1066 2894 historiam
1092 2825 1193 2895 tradit
1219 2827 1355 2900 Douor
1424 2847 1428 2859 ’

367 2940 494 3036 Hendy
526 2963 661 3010 necnon
691 2941 836 3037 figuram
866 2939 1063 3037 graphicum
1089 2945 1160 3037 ejus
1187 2928 1375 3014 delineana'

367 3058 446 3130 dam
464 3057 664 3158 curavitcui
682 3081 760 3128 crus
778 3058 949 3156 singulum
974 3037 1106 3156 triginti·
1131 3060 1189 3129 sex
1217 3058 1354 3152 pollices
1493 3090 1495 3095 s

365 3175 402 3246 in
435 3175 578 3247 circuitu
611 3177 826 3264 metiebatur,
870 3176 1042 3271 aliumque
1079 3194 1258 3262 memorat,
1300 3177 1354 3250 cui
1449 3163 1453 3166 ”

366 3290 514 3362 scrotum
531 3309 604 3363 erat
618 3292 654 3363 in
670 3292 813 3364 circuitu
830 3292 887 3362 sex
912 3292 1015 3386 pedes
1041 3309 1078 3376 et
1104 3293 1241 3386 pollices
1270 3275 1366 3362 duo-¹

368 3405 478 3488 decinl
495 3407 652 3504 longum,
677 3429 827 3503 quorum
844 3411 962 3480 ambos
979 3408 1046 3502 ipse
1062 3407 1148 3502 saepe
1166 3408 1244 3478 vidi.

416 3642 547 3727 HUJus
566 3640 803 3714 extimescendi
832 3643 914 3714 mall
937 3645 1112 3726 adventus,
1126 3643 1274 3713 multum
1299 3667 1351 3714 ac-

367 3757 545 3844 celeratur,
563 3758 587 3828 fi
606 3783 709 3855 aeger,
734 3776 868 3854 tempus
885 3761 959 3832 satis
977 3761 1133 3856 longum,
1159 3783 1236 3831 crus
1253 3760 1350 3832 fuum

366 3873 542 3948 extensum
558 3875 686 3948 servare
701 3877 898 3974 neglexerit.
1264 3887 1265 3894 ’
