3256 5344
678 641 868 738 [25]

331 843 417 912 Hac
436 856 469 910 et
485 837 642 911 omnibus
666 837 702 909 in
718 829 911 935 regiorribur
937 861 981 908 ex
1004 835 1187 912 irritatione
1203 865 1259 920 va·

281 957 398 1026 iorum
422 932 669 1027 absorbentiuni
697 955 839 1048 produci
855 951 944 1046 poffe
961 956 1123 1026 morbum
1138 979 1262 1054 conge·

286 1095 402 1144 nerem
430 1071 661 1160 ostendimus3
688 1070 782 1166 quod
810 1065 924 1142 autem
952 1069 1174 1142 attentionem
1190 1097 1269 1170 mo·⁴

286 1207 355 1275 vet,
383 1207 416 1259 et
437 1171 489 1260 rer
518 1187 565 1260 est
591 1187 739 1260 maxime
762 1186 959 1258 admiranda
988 1187 1117 1259 coelum
1145 1187 1266 1260 Insulae

285 1303 505 1394 Barbadenfis
521 1304 647 1380 incolas
664 1305 734 1400 ejus
763 1303 843 1374 huic
859 1305 981 1374 morbo
1006 1302 1265 1398 opportuniores

285 1421 450 1508 redderer
475 1445 538 1493 nec
564 1422 727 1516 nunejus
752 1443 879 1524 eomes,
905 1418 1009 1492 cruris
1030 1435 1145 1522 tumor
1163 1419 1266 1492 indo·
1292 1485 1293 1490 ,

283 1525 366 1610 lens.

336 1737 462 1855 irrue,
492 1765 558 1840 me'
575 1767 702 1864 judice,
728 1767 969 1864 paroxyfinum
994 1765 1149 1859 febrilem
1177 1766 1264 1862 inter

285 1881 519 1978 symptomata,
549 1907 725 1977 nunquam
750 1883 833 1954 verb
867 1897 929 1976 pro
960 1885 1081 1954 morbo
1110 1882 1179 1975 ipso
1208 1882 1266 1953 ha-

286 1999 438 2074 bendum
467 1997 542 2084 effe,
574 1983 652 2069 satis¹
681 1997 816 2090 patebit.
867 1998 1011 2070 Febrem
1039 1997 1266 2092 symptomati-

287 2138 363 2186 cam
396 2113 550 2201 similem,
584 2111 750 2184 strieiuras
784 2112 932 2184 urethrae
965 2112 1155 2210 multosque
1183 2113 1265 2212 alios¹

287 2233 425 2328 morbos
442 2231 594 2324 comitari
611 2256 655 2302 ex
679 2229 877 2332 epitomate
893 2231 960 2301 fide
976 2227 1163 2328 digniffimi
1179 2228 1266 2302 affir-

288 2371 381 2456 mare
397 2347 537 2450 poffum.
571 2352 574 2358 '
692 2331 694 2340 '
895 2327 899 2338 ’

337 2580 426 2652 Siva
443 2575 512 2649 uni
528 2578 594 2650 five
610 2576 762 2672 pluribus
779 2577 907 2651 vicibus
923 2603 1054 2678 aegrum
1069 2578 1265 2674 lacessendo,

290 2697 395 2774 ullam
405 2687 629 2770 mutationem
640 2683 830 2771 morbidam
842 2695 979 2770 inducat
992 2696 1146 2770 ,vasorum
1155 2698 1265 2768 abfor-

250 2823 255 2837 “
288 2812 439 2886 bentium
457 2812 775 2910 glandularumque‚
799 2811 958 2908 mcisrone
975 2812 1176 2918 cadaverum
1193 2837 1264 2892 non
1363 2824 1366 2830 ’

289 2927 401 3000 adhuc
420 2944 633 3022 compertum
659 2927 837 3014 habemus,
861 2951 924 3004 nec
946 2926 1022 3025 *cito
1051 2944 1263 3022 compertum

287 3041 328 3114 iri
344 3042 518 3114 verifimile
537 3041 596 3128 est,
623 3043 747 3136 quippe
774 3041 834 3112 sub
860 3040 971 3120 formi
999 3044 1264 3139 ejus'communi

289 3176 435 3230 mortem
451 3157 510 3228 vix
526 3181 679 3252 unquam
702 3154 834 3232 inferat.
885 3161 1062 3261 Qrantunr
1087 3168 1131 3228 e'x
1148 3158 1264 3274 obsep-

288 3273 476 3348 vationibus
492 3274 528 3370 in
544 3275 621 3344 vivo
646 3267 788 3368 corpore
804 3270 898 3344 fastis
921 3272 1070 3370 judicare
1093 3271 1263 3366 potiumus

287 3390 430 3462 mutatio
447 3389 493 3464 est
521 3391 628 3478 nulla,
645 3406 678 3462 et
707 3388 836 3467 nullam
861 3413 976 3469 revera
989 3387 1128 3462 existere
1143 3393 1263 3486 proba·

286 3504 353 3599 bile
369 3505 425 3578 est.

334 3738 434 3841 Qua
452 3738 487 3809 in
503 3737 661 3813 incisione
687 3741 854 3814 cadaveris
879 3738 1062 3816 observavit
1090 3736 1261 3822 Dominus

288 3855 415 3940 Home,
431 3855 560 3929 nullam
576 3858 799 3935 mutationem
815 3857 850 3929 in
867 3857 948 3930 vafis
966 3855 1040 3929 fieri
1055 3857 1198 3951 probare
1213 3853 1260 3925 vi-

287 3959 419 4103 pentpr.
461 3983 500 3988 ‘'
602 3959 624 3990 ·'
698 3989 703 3994 ·
