<?xml version="1.0" encoding="UTF-8"?>
<!DOCTYPE html PUBLIC "-//W3C//DTD XHTML 1.0 Transitional//EN"
    "http://www.w3.org/TR/xhtml1/DTD/xhtml1-transitional.dtd">
<html xmlns="http://www.w3.org/1999/xhtml" xml:lang="en" lang="en">
 <head>
  <title>
</title>
<meta http-equiv="Content-Type" content="text/html;charset=utf-8" />
  <meta name='ocr-system' content='tesseract 3.04.00' />
  <meta name='ocr-capabilities' content='ocr_page ocr_carea ocr_par ocr_line ocrx_word'/>
</head>
<body>
  <div class='ocr_page' id='page_1' title='image "./dissertatiomedi00davigoog_0033.png"; bbox 0 0 3256 5344; ppageno 0'>
   <div class='ocr_carea' id='block_1_1' title="bbox 699 563 939 740">
    <p class='ocr_par' dir='ltr' id='par_1_1' title="bbox 699 563 939 740">
     <span class='ocr_line' id='line_1_1' title="bbox 699 563 939 740; baseline 0 -8"><span class='ocrx_word' id='word_1_1' title='bbox 699 563 939 740; x_wconf 61' lang='lat' dir='ltr'>to]</span> 
     </span>
    </p>
   </div>
   <div class='ocr_carea' id='block_1_2' title="bbox 349 835 1460 1857">
    <p class='ocr_par' dir='ltr' id='par_1_2' title="bbox 349 835 1460 1857">
     <span class='ocr_line' id='line_1_2' title="bbox 403 835 1333 932; baseline 0.002 -25"><span class='ocrx_word' id='word_1_2' title='bbox 403 839 732 907; x_wconf 79' lang='lat' dir='ltr'>Inrunascunrm</span> <span class='ocrx_word' id='word_1_3' title='bbox 758 858 820 928; x_wconf 91' lang='lat' dir='ltr'>pro</span> <span class='ocrx_word' id='word_1_4' title='bbox 837 836 959 907; x_wconf 90' lang='lat' dir='ltr'>morbo</span> <span class='ocrx_word' id='word_1_5' title='bbox 979 855 1193 932; x_wconf 81' lang='lat' dir='ltr'><strong>nequaquam</strong></span> <span class='ocrx_word' id='word_1_6' title='bbox 1209 835 1333 910; x_wconf 87' lang='lat' dir='ltr'>haben·</span> 
     </span>
     <span class='ocr_line' id='line_1_3' title="bbox 352 949 1328 1046; baseline -0.002 -22"><span class='ocrx_word' id='word_1_7' title='bbox 352 955 409 1038; x_wconf 86' lang='lat' dir='ltr'>da,</span> <span class='ocrx_word' id='word_1_8' title='bbox 425 952 480 1023; x_wconf 85' lang='lat' dir='ltr'>sed</span> <span class='ocrx_word' id='word_1_9' title='bbox 496 966 629 1022; x_wconf 87' lang='lat' dir='ltr'>tantum</span> <span class='ocrx_word' id='word_1_10' title='bbox 645 972 707 1042; x_wconf 90' lang='lat' dir='ltr'>pro</span> <span class='ocrx_word' id='word_1_11' title='bbox 724 949 868 1046; x_wconf 84' lang='lat' dir='ltr'>sequela,</span> <span class='ocrx_word' id='word_1_12' title='bbox 893 975 936 1020; x_wconf 85' lang='lat' dir='ltr'>ex</span> <span class='ocrx_word' id='word_1_13' title='bbox 960 951 1191 1045; x_wconf 86' lang='lat' dir='ltr'>compluribus</span> <span class='ocrx_word' id='word_1_14' title='bbox 1208 976 1328 1046; x_wconf 88' lang='lat' dir='ltr'>parox·</span> 
     </span>
     <span class='ocr_line' id='line_1_4' title="bbox 351 1061 1329 1164; baseline 0.001 -27"><span class='ocrx_word' id='word_1_15' title='bbox 351 1067 449 1164; x_wconf 89' lang='lat' dir='ltr'>ysmis</span> <span class='ocrx_word' id='word_1_16' title='bbox 465 1064 658 1136; x_wconf 84' lang='lat' dir='ltr'>irritationis</span> <span class='ocrx_word' id='word_1_17' title='bbox 686 1061 842 1136; x_wconf 80' lang='lat' dir='ltr'>vasorum</span> <span class='ocrx_word' id='word_1_18' title='bbox 867 1065 1115 1138; x_wconf 87' lang='lat' dir='ltr'>absorbentium</span> <span class='ocrx_word' id='word_1_19' title='bbox 1132 1065 1220 1153; x_wconf 68' lang='lat' dir='ltr'>oms,</span> <span class='ocrx_word' id='word_1_20' title='bbox 1238 1068 1329 1140; x_wconf 87' lang='lat' dir='ltr'>unde</span> 
     </span>
     <span class='ocr_line' id='line_1_5' title="bbox 350 1178 1330 1276; baseline -0.001 -23"><span class='ocrx_word' id='word_1_21' title='bbox 350 1181 480 1253; x_wconf 83' lang='lat' dir='ltr'>arteriae</span> <span class='ocrx_word' id='word_1_22' title='bbox 497 1180 691 1250; x_wconf 78' lang='lat' dir='ltr'>exhalantes</span> <span class='ocrx_word' id='word_1_23' title='bbox 707 1178 923 1252; x_wconf 84' lang='lat' dir='ltr'>secretionem</span> <span class='ocrx_word' id='word_1_24' title='bbox 941 1180 1028 1254; x_wconf 85' lang='lat' dir='ltr'>hanc</span> <span class='ocrx_word' id='word_1_25' title='bbox 1045 1180 1195 1254; x_wconf 83' lang='lat' dir='ltr'><strong>vitiosam</strong></span> <span class='ocrx_word' id='word_1_26' title='bbox 1212 1180 1330 1276; x_wconf 87' lang='lat' dir='ltr'>ejicere</span> 
     </span>
     <span class='ocr_line' id='line_1_6' title="bbox 350 1295 1330 1392; baseline 0 -24"><span class='ocrx_word' id='word_1_27' title='bbox 350 1295 515 1392; x_wconf 83' lang='lat' dir='ltr'>proclives</span> <span class='ocrx_word' id='word_1_28' title='bbox 524 1296 613 1381; x_wconf 88' lang='lat' dir='ltr'>sunt,</span> <span class='ocrx_word' id='word_1_29' title='bbox 630 1319 707 1388; x_wconf 75' lang='lat' dir='ltr'>quac</span> <span class='ocrx_word' id='word_1_30' title='bbox 720 1297 926 1366; x_wconf 74' lang='lat' dir='ltr'>nembranae</span> <span class='ocrx_word' id='word_1_31' title='bbox 943 1297 1109 1370; x_wconf 80' lang='lat' dir='ltr'>cellulosae</span> <span class='ocrx_word' id='word_1_32' title='bbox 1125 1295 1330 1369; x_wconf 88' lang='lat' dir='ltr'>tunicarum·</span> 
     </span>
     <span class='ocr_line' id='line_1_7' title="bbox 351 1410 1329 1510; baseline -0.002 -24"><span class='ocrx_word' id='word_1_33' title='bbox 351 1439 418 1510; x_wconf 88' lang='lat' dir='ltr'>que</span> <span class='ocrx_word' id='word_1_34' title='bbox 434 1435 597 1484; x_wconf 89' lang='lat' dir='ltr'>venarum</span> <span class='ocrx_word' id='word_1_35' title='bbox 627 1410 926 1509; x_wconf 87' lang='lat' dir='ltr'>condensationem</span> <span class='ocrx_word' id='word_1_36' title='bbox 944 1411 1053 1486; x_wconf 87' lang='lat' dir='ltr'>efficit.</span> <span class='ocrx_word' id='word_1_37' title='bbox 1105 1416 1267 1484; x_wconf 84' lang='lat' dir='ltr'>Attamen</span> <span class='ocrx_word' id='word_1_38' title='bbox 1284 1437 1329 1484; x_wconf 86' lang='lat' dir='ltr'>ex</span> 
     </span>
     <span class='ocr_line' id='line_1_8' title="bbox 351 1515 1329 1624; baseline -0.001 -25"><span class='ocrx_word' id='word_1_39' title='bbox 351 1515 466 1622; x_wconf 79' lang='lat' dir='ltr'>aliquo</span> <span class='ocrx_word' id='word_1_40' title='bbox 499 1527 580 1596; x_wconf 91' lang='lat' dir='ltr'>vitio</span> <span class='ocrx_word' id='word_1_41' title='bbox 606 1526 845 1622; x_wconf 86' lang='lat' dir='ltr'>glandularum</span> <span class='ocrx_word' id='word_1_42' title='bbox 872 1527 937 1598; x_wconf 91' lang='lat' dir='ltr'>hoc</span> <span class='ocrx_word' id='word_1_43' title='bbox 965 1553 1102 1624; x_wconf 90' lang='lat' dir='ltr'>quoque</span> <span class='ocrx_word' id='word_1_44' title='bbox 1131 1526 1218 1621; x_wconf 86' lang='lat' dir='ltr'>posse</span> <span class='ocrx_word' id='word_1_45' title='bbox 1243 1526 1329 1612; x_wconf 80' lang='lat' dir='ltr'>fieri,</span> 
     </span>
     <span class='ocr_line' id='line_1_9' title="bbox 349 1641 1460 1741; baseline -0.005 -24"><span class='ocrx_word' id='word_1_46' title='bbox 349 1646 442 1717; x_wconf 88' lang='lat' dir='ltr'>haud</span> <span class='ocrx_word' id='word_1_47' title='bbox 459 1644 653 1741; x_wconf 86' lang='lat' dir='ltr'>negandum</span> <span class='ocrx_word' id='word_1_48' title='bbox 678 1641 737 1729; x_wconf 89' lang='lat' dir='ltr'>est,</span> <span class='ocrx_word' id='word_1_49' title='bbox 759 1643 883 1738; x_wconf 89' lang='lat' dir='ltr'>quippe</span> <span class='ocrx_word' id='word_1_50' title='bbox 907 1643 1060 1714; x_wconf 90' lang='lat' dir='ltr'>Domino</span> <span class='ocrx_word' id='word_1_51' title='bbox 1077 1645 1192 1714; x_wconf 91' lang='lat' dir='ltr'>Home</span> <span class='ocrx_word' id='word_1_52' title='bbox 1209 1668 1262 1714; x_wconf 88' lang='lat' dir='ltr'>eas</span> <span class='ocrx_word' id='word_1_53' title='bbox 1280 1643 1329 1712; x_wconf 87' lang='lat' dir='ltr'>in·</span> <span class='ocrx_word' id='word_1_54' title='bbox 1456 1669 1460 1679; x_wconf 74' lang='grc'><strong>’</strong></span> 
     </span>
     <span class='ocr_line' id='line_1_10' title="bbox 351 1757 1335 1857; baseline -0.013 -24"><span class='ocrx_word' id='word_1_55' title='bbox 351 1761 507 1857; x_wconf 87' lang='lat' dir='ltr'>spiciendi</span> <span class='ocrx_word' id='word_1_56' title='bbox 523 1759 620 1853; x_wconf 83' lang='lat' dir='ltr'>copia</span> <span class='ocrx_word' id='word_1_57' title='bbox 636 1757 753 1830; x_wconf 86' lang='lat' dir='ltr'>defuit.</span> <span class='ocrx_word' id='word_1_58' title='bbox 1332 1770 1335 1776; x_wconf 84' lang='grc'><strong>’</strong></span> 
     </span>
    </p>
   </div>
   <div class='ocr_carea' id='block_1_3' title="bbox 351 1993 1330 2208">
    <p class='ocr_par' dir='ltr' id='par_1_3' title="bbox 351 1993 1330 2208">
     <span class='ocr_line' id='line_1_11' title="bbox 396 1993 1330 2104; baseline -0.002 -36"><span class='ocrx_word' id='word_1_59' title='bbox 396 2001 488 2104; x_wconf 72' lang='lat' dir='ltr'>Qut</span> <span class='ocrx_word' id='word_1_60' title='bbox 506 1994 635 2068; x_wconf 88' lang='lat' dir='ltr'>ratione</span> <span class='ocrx_word' id='word_1_61' title='bbox 650 2020 731 2067; x_wconf 89' lang='lat' dir='ltr'>vero</span> <span class='ocrx_word' id='word_1_62' title='bbox 749 2011 807 2066; x_wconf 90' lang='lat' dir='ltr'>aut</span> <span class='ocrx_word' id='word_1_63' title='bbox 824 2021 869 2066; x_wconf 86' lang='lat' dir='ltr'>ex</span> <span class='ocrx_word' id='word_1_64' title='bbox 886 1993 938 2067; x_wconf 87' lang='lat' dir='ltr'>his</span> <span class='ocrx_word' id='word_1_65' title='bbox 951 2014 1008 2067; x_wconf 87' lang='lat' dir='ltr'>aut</span> <span class='ocrx_word' id='word_1_66' title='bbox 1024 1995 1088 2068; x_wconf 88' lang='lat' dir='ltr'>illis</span> <span class='ocrx_word' id='word_1_67' title='bbox 1104 1995 1256 2096; x_wconf 83' lang='lat' dir='ltr'>nascatur</span> <span class='ocrx_word' id='word_1_68' title='bbox 1271 2019 1330 2066; x_wconf 80' lang='lat' dir='ltr'>ex-</span> 
     </span>
     <span class='ocr_line' id='line_1_12' title="bbox 351 2113 997 2208; baseline -0.003 -24"><span class='ocrx_word' id='word_1_69' title='bbox 351 2113 475 2208; x_wconf 88' lang='lat' dir='ltr'>plicare</span> <span class='ocrx_word' id='word_1_70' title='bbox 491 2135 634 2206; x_wconf 89' lang='lat' dir='ltr'>nequeo.</span> <span class='ocrx_word' id='word_1_71' title='bbox 994 2113 997 2120; x_wconf 87' lang='lat'>&#39;</span> 
     </span>
    </p>
   </div>
   <div class='ocr_carea' id='block_1_4' title="bbox 701 2471 980 2549">
    <p class='ocr_par' dir='ltr' id='par_1_4' title="bbox 701 2471 980 2549">
     <span class='ocr_line' id='line_1_13' title="bbox 701 2471 980 2549; baseline 0.025 -7"><span class='ocrx_word' id='word_1_72' title='bbox 701 2471 980 2549; x_wconf 75' lang='lat' dir='ltr'>DIAGNOSIS.</span> 
     </span>
    </p>
   </div>
   <div class='ocr_carea' id='block_1_5' title="bbox 354 2697 1331 3019">
    <p class='ocr_par' dir='ltr' id='par_1_5' title="bbox 354 2697 1331 3019">
     <span class='ocr_line' id='line_1_14' title="bbox 402 2697 1330 2806; baseline -0.001 -35"><span class='ocrx_word' id='word_1_73' title='bbox 402 2704 524 2806; x_wconf 80' lang='lat' dir='ltr'>Qturu</span> <span class='ocrx_word' id='word_1_74' title='bbox 544 2723 639 2771; x_wconf 83' lang='lat' dir='ltr'>mone</span> <span class='ocrx_word' id='word_1_75' title='bbox 654 2698 750 2772; x_wconf 90' lang='lat' dir='ltr'>solito</span> <span class='ocrx_word' id='word_1_76' title='bbox 767 2700 829 2770; x_wconf 87' lang='lat' dir='ltr'>sese</span> <span class='ocrx_word' id='word_1_77' title='bbox 847 2697 1024 2770; x_wconf 81' lang='lat' dir='ltr'>ostenderit</span> <span class='ocrx_word' id='word_1_78' title='bbox 1045 2701 1183 2770; x_wconf 82' lang='lat' dir='ltr'>morbus</span> <span class='ocrx_word' id='word_1_79' title='bbox 1200 2701 1242 2770; x_wconf 87' lang='lat' dir='ltr'>ab</span> <span class='ocrx_word' id='word_1_80' title='bbox 1259 2725 1330 2770; x_wconf 81' lang='lat' dir='ltr'>om-</span> 
     </span>
     <span class='ocr_line' id='line_1_15' title="bbox 354 2814 1331 2918; baseline 0 -31"><span class='ocrx_word' id='word_1_81' title='bbox 354 2816 453 2889; x_wconf 87' lang='lat' dir='ltr'>nibus</span> <span class='ocrx_word' id='word_1_82' title='bbox 471 2817 541 2888; x_wconf 86' lang='lat' dir='ltr'>aliis</span> <span class='ocrx_word' id='word_1_83' title='bbox 558 2815 655 2886; x_wconf 68' lang='lat' dir='ltr'>facile</span> <span class='ocrx_word' id='word_1_84' title='bbox 680 2815 923 2918; x_wconf 76' lang='lat' dir='ltr'>internoscitur.</span> <span class='ocrx_word' id='word_1_85' title='bbox 974 2815 1205 2891; x_wconf 82' lang='lat' dir='ltr'>Acceffionem</span> <span class='ocrx_word' id='word_1_86' title='bbox 1229 2814 1331 2888; x_wconf 75' lang='lat' dir='ltr'>sebnia</span> 
     </span>
     <span class='ocr_line' id='line_1_16' title="bbox 354 2929 1330 3019; baseline 0.001 -16"><span class='ocrx_word' id='word_1_87' title='bbox 354 2929 604 3005; x_wconf 88' lang='lat' dir='ltr'>intermittentis</span> <span class='ocrx_word' id='word_1_88' title='bbox 621 2930 719 3008; x_wconf 87' lang='lat' dir='ltr'>unice</span> <span class='ocrx_word' id='word_1_89' title='bbox 733 2929 835 3003; x_wconf 89' lang='lat' dir='ltr'>resert</span> <span class='ocrx_word' id='word_1_90' title='bbox 849 2959 859 3019; x_wconf 85' lang='lat'><em>3</em></span> <span class='ocrx_word' id='word_1_91' title='bbox 879 2929 957 3004; x_wconf 89' lang='lat' dir='ltr'>hinc</span> <span class='ocrx_word' id='word_1_92' title='bbox 970 2949 1096 3018; x_wconf 90' lang='lat' dir='ltr'>autem,</span> <span class='ocrx_word' id='word_1_93' title='bbox 1107 2933 1220 3004; x_wconf 88' lang='lat' dir='ltr'>nullus</span> <span class='ocrx_word' id='word_1_94' title='bbox 1236 2958 1330 3004; x_wconf 88' lang='lat' dir='ltr'>error</span> 
     </span>
    </p>
   </div>
   <div class='ocr_carea' id='block_1_6' title="bbox 161 3045 1330 3142">
    <p class='ocr_par' dir='ltr' id='par_1_6' title="bbox 161 3045 1330 3142">
     <span class='ocr_line' id='line_1_17' title="bbox 161 3045 1330 3142; baseline 0.001 -24"><span class='ocrx_word' id='word_1_95' title='bbox 161 3047 164 3066; x_wconf 93' lang='lat'>&#39;</span> <span class='ocrx_word' id='word_1_96' title='bbox 269 3115 273 3125; x_wconf 88' lang='grc'>,</span> <span class='ocrx_word' id='word_1_97' title='bbox 355 3047 435 3118; x_wconf 87' lang='lat' dir='ltr'>oriri</span> <span class='ocrx_word' id='word_1_98' title='bbox 452 3045 572 3142; x_wconf 89' lang='lat' dir='ltr'>potest,</span> <span class='ocrx_word' id='word_1_99' title='bbox 584 3046 841 3118; x_wconf 85' lang='lat' dir='ltr'>intermittentes</span> <span class='ocrx_word' id='word_1_100' title='bbox 857 3047 960 3136; x_wconf 84' lang='lat' dir='ltr'>enim,</span> <span class='ocrx_word' id='word_1_101' title='bbox 976 3049 1012 3118; x_wconf 90' lang='lat' dir='ltr'>in</span> <span class='ocrx_word' id='word_1_102' title='bbox 1032 3048 1253 3120; x_wconf 77' lang='lat' dir='ltr'>Barbadoesrst</span> <span class='ocrx_word' id='word_1_103' title='bbox 1270 3049 1330 3120; x_wconf 79' lang='lat' dir='ltr'>nisi</span> 
     </span>
    </p>
   </div>
   <div class='ocr_carea' id='block_1_7' title="bbox 354 3162 1354 3841">
    <p class='ocr_par' dir='ltr' id='par_1_7' title="bbox 354 3162 1330 3259">
     <span class='ocr_line' id='line_1_18' title="bbox 354 3162 1330 3259; baseline 0.001 -24"><span class='ocrx_word' id='word_1_104' title='bbox 354 3166 398 3236; x_wconf 84' lang='lat' dir='ltr'>ab</span> <span class='ocrx_word' id='word_1_105' title='bbox 414 3163 526 3234; x_wconf 89' lang='lat' dir='ltr'>insulis</span> <span class='ocrx_word' id='word_1_106' title='bbox 544 3162 706 3258; x_wconf 87' lang='lat' dir='ltr'>proximis</span> <span class='ocrx_word' id='word_1_107' title='bbox 723 3163 862 3251; x_wconf 75' lang='lat' dir='ltr'>adlatas,</span> <span class='ocrx_word' id='word_1_108' title='bbox 879 3189 1055 3259; x_wconf 83' lang='lat' dir='ltr'>nunquam</span> <span class='ocrx_word' id='word_1_109' title='bbox 1073 3165 1247 3252; x_wconf 82' lang='lat' dir='ltr'>videmus3</span> <span class='ocrx_word' id='word_1_110' title='bbox 1274 3167 1330 3236; x_wconf 85' lang='lat' dir='ltr'>ad·</span> 
     </span>
    </p>

    <p class='ocr_par' dir='ltr' id='par_1_8' title="bbox 355 3269 1354 3492">
     <span class='ocr_line' id='line_1_19' title="bbox 355 3269 1354 3376; baseline -0.002 -24"><span class='ocrx_word' id='word_1_111' title='bbox 355 3305 451 3352; x_wconf 83' lang='lat' dir='ltr'>venae</span> <span class='ocrx_word' id='word_1_112' title='bbox 480 3269 617 3374; x_wconf 78' lang='lat' dir='ltr'>quoque</span> <span class='ocrx_word' id='word_1_113' title='bbox 646 3282 768 3350; x_wconf 89' lang='lat' dir='ltr'>morbo</span> <span class='ocrx_word' id='word_1_114' title='bbox 798 3280 986 3376; x_wconf 83' lang='lat' dir='ltr'>glandulari</span> <span class='ocrx_word' id='word_1_115' title='bbox 1014 3281 1074 3350; x_wconf 82' lang='lat' dir='ltr'>nifi</span> <span class='ocrx_word' id='word_1_116' title='bbox 1103 3279 1176 3375; x_wconf 91' lang='lat' dir='ltr'>post</span> <span class='ocrx_word' id='word_1_117' title='bbox 1192 3281 1354 3374; x_wconf 72' lang='lat' dir='ltr'>longam¹</span> 
     </span>
     <span class='ocr_line' id='line_1_20' title="bbox 355 3392 1329 3492; baseline 0 -26"><span class='ocrx_word' id='word_1_118' title='bbox 355 3395 595 3474; x_wconf 77' lang='lat' dir='ltr'>habitationem</span> <span class='ocrx_word' id='word_1_119' title='bbox 608 3397 698 3490; x_wconf 87' lang='lat' dir='ltr'>apud</span> <span class='ocrx_word' id='word_1_120' title='bbox 714 3420 776 3466; x_wconf 89' lang='lat' dir='ltr'>nos</span> <span class='ocrx_word' id='word_1_121' title='bbox 794 3395 884 3492; x_wconf 70' lang='lat' dir='ltr'>aegrb</span> <span class='ocrx_word' id='word_1_122' title='bbox 901 3392 1042 3472; x_wconf 83' lang='lat' dir='ltr'>obnoxii</span> <span class='ocrx_word' id='word_1_123' title='bbox 1057 3397 1143 3466; x_wconf 91' lang='lat' dir='ltr'>sunt.</span> <span class='ocrx_word' id='word_1_124' title='bbox 1181 3395 1239 3464; x_wconf 90' lang='lat' dir='ltr'>Ad</span> <span class='ocrx_word' id='word_1_125' title='bbox 1252 3395 1329 3466; x_wconf 85' lang='lat' dir='ltr'>haec</span> 
     </span>
    </p>

    <p class='ocr_par' dir='ltr' id='par_1_9' title="bbox 355 3510 1331 3608">
     <span class='ocr_line' id='line_1_21' title="bbox 355 3510 1331 3608; baseline 0.002 -26"><span class='ocrx_word' id='word_1_126' title='bbox 355 3535 493 3608; x_wconf 92' lang='lat' dir='ltr'>quoque</span> <span class='ocrx_word' id='word_1_127' title='bbox 519 3511 659 3597; x_wconf 78' lang='lat' dir='ltr'>accessit,</span> <span class='ocrx_word' id='word_1_128' title='bbox 676 3510 769 3604; x_wconf 93' lang='lat' dir='ltr'>quod</span> <span class='ocrx_word' id='word_1_129' title='bbox 798 3511 916 3582; x_wconf 90' lang='lat' dir='ltr'>hocin</span> <span class='ocrx_word' id='word_1_130' title='bbox 940 3515 1061 3583; x_wconf 91' lang='lat' dir='ltr'>morbo</span> <span class='ocrx_word' id='word_1_131' title='bbox 1086 3511 1183 3582; x_wconf 92' lang='lat' dir='ltr'>dolor</span> <span class='ocrx_word' id='word_1_132' title='bbox 1199 3511 1331 3603; x_wconf 90' lang='lat' dir='ltr'>topicus</span> 
     </span>
    </p>

    <p class='ocr_par' dir='ltr' id='par_1_10' title="bbox 357 3623 1329 3721">
     <span class='ocr_line' id='line_1_22' title="bbox 357 3623 1329 3721; baseline -0.001 -21"><span class='ocrx_word' id='word_1_133' title='bbox 357 3627 455 3700; x_wconf 87' lang='lat' dir='ltr'>instat</span> <span class='ocrx_word' id='word_1_134' title='bbox 481 3627 591 3698; x_wconf 82' lang='lat' dir='ltr'>multb</span> <span class='ocrx_word' id='word_1_135' title='bbox 610 3627 718 3698; x_wconf 89' lang='lat' dir='ltr'>acrior</span> <span class='ocrx_word' id='word_1_136' title='bbox 733 3623 861 3721; x_wconf 84' lang='lat' dir='ltr'>impetu</span> <span class='ocrx_word' id='word_1_137' title='bbox 884 3626 1017 3718; x_wconf 79' lang='lat' dir='ltr'>sebri1i3</span> <span class='ocrx_word' id='word_1_138' title='bbox 1044 3627 1094 3698; x_wconf 88' lang='lat' dir='ltr'>his</span> <span class='ocrx_word' id='word_1_139' title='bbox 1117 3629 1329 3701; x_wconf 79' lang='lat' dir='ltr'>consideratis</span> 
     </span>
    </p>

    <p class='ocr_par' dir='ltr' id='par_1_11' title="bbox 356 3743 731 3841">
     <span class='ocr_line' id='line_1_23' title="bbox 356 3743 731 3841; baseline -0.008 -24"><span class='ocrx_word' id='word_1_140' title='bbox 356 3744 460 3817; x_wconf 85' lang='lat' dir='ltr'>sacisis</span> <span class='ocrx_word' id='word_1_141' title='bbox 477 3743 538 3816; x_wconf 88' lang='lat' dir='ltr'>erit</span> <span class='ocrx_word' id='word_1_142' title='bbox 555 3743 731 3841; x_wconf 81' lang='lat' dir='ltr'>diagnosrs.</span> 
     </span>
    </p>
   </div>
   <div class='ocr_carea' id='block_1_8' title="bbox 359 3976 1332 4192">
    <p class='ocr_par' dir='ltr' id='par_1_12' title="bbox 359 3976 1332 4192">
     <span class='ocr_line' id='line_1_24' title="bbox 406 3976 1330 4066; baseline -0.004 -15"><span class='ocrx_word' id='word_1_143' title='bbox 406 3981 481 4051; x_wconf 81' lang='lat' dir='ltr'>Uar</span> <span class='ocrx_word' id='word_1_144' title='bbox 499 3976 651 4050; x_wconf 88' lang='lat' dir='ltr'>intestina</span> <span class='ocrx_word' id='word_1_145' title='bbox 666 3979 818 4052; x_wconf 90' lang='lat' dir='ltr'>invaserit</span> <span class='ocrx_word' id='word_1_146' title='bbox 834 3983 987 4066; x_wconf 89' lang='lat' dir='ltr'>morbus,</span> <span class='ocrx_word' id='word_1_147' title='bbox 1004 3978 1095 4052; x_wconf 90' lang='lat' dir='ltr'>hunc</span> <span class='ocrx_word' id='word_1_148' title='bbox 1112 3979 1199 4052; x_wconf 90' lang='lat' dir='ltr'>inter</span> <span class='ocrx_word' id='word_1_149' title='bbox 1223 3996 1255 4050; x_wconf 89' lang='lat' dir='ltr'>et</span> <span class='ocrx_word' id='word_1_150' title='bbox 1277 4004 1330 4048; x_wconf 84' lang='lat' dir='ltr'>ce-</span> 
     </span>
     <span class='ocr_line' id='line_1_25' title="bbox 359 4089 1332 4192; baseline -0.002 -26"><span class='ocrx_word' id='word_1_151' title='bbox 359 4112 444 4186; x_wconf 86' lang='lat' dir='ltr'>teras</span> <span class='ocrx_word' id='word_1_152' title='bbox 462 4120 581 4166; x_wconf 88' lang='lat' dir='ltr'>eorum</span> <span class='ocrx_word' id='word_1_153' title='bbox 606 4089 794 4168; x_wconf 71' lang='lat' dir='ltr'>affe&amp;i0nes</span> <span class='ocrx_word' id='word_1_154' title='bbox 819 4093 994 4166; x_wconf 90' lang='lat' dir='ltr'>discrimen</span> <span class='ocrx_word' id='word_1_155' title='bbox 1022 4095 1203 4192; x_wconf 88' lang='lat' dir='ltr'>perspicere</span> <span class='ocrx_word' id='word_1_156' title='bbox 1225 4094 1332 4192; x_wconf 71' lang='lat' dir='ltr'>magiq</span> 
     </span>
    </p>
   </div>
   <div class='ocr_carea' id='block_1_9' title="bbox 0 0 1635 5344">
    <p class='ocr_par' dir='ltr' id='par_1_13' title="bbox 0 0 1635 5344">
     <span class='ocr_line' id='line_1_26' title="bbox 0 0 1635 5344; baseline 0 0"><span class='ocrx_word' id='word_1_157' title='bbox 0 0 1635 5344; x_wconf 95' lang='lat' dir='ltr'> </span> 
     </span>
    </p>
   </div>
  </div>
 </body>
</html>
